@techreport{Chan2017,
	author       = {Hubert Chan and Arnaud Guerquin and Mauro Sozio}, 
	title        = {Fully Dynamic k-center Clustering},
	year         = 2017,
}

@phdthesis{Shamos1978,
	author       = {Shamos, Michael}, 
	title        = {Computational Geometry},
	school       = {Yale University},
	year         = 1978,
	note         = {pp. 76--81}
}

@article{Delaunay1934,
	author		= {Delaunay, Boris},
	title		= {Sur la sphère vide : à la mémoire de Georges Voronoï},
	journal		= {Bulletin de l'Académie des Sciences de l'URSS, Classe des sciences mathématiques et naturelles},
	year		= {1934},
	volume		= {6},
	pages		= {793--800},
	}
